<?xml version="1.0" encoding="UTF-8"?><collection xmlns="http://www.loc.gov/MARC21/slim"><record><leader>00313nam--2200121-i-4500</leader><controlfield tag="001">000027582</controlfield><controlfield tag="002">20161230</controlfield><controlfield tag="005">20161230201036</controlfield><controlfield tag="008">060222s1000------------r-----000-0-eng-d</controlfield><datafield ind1=" " ind2=" " tag="100"><subfield code="a">Kostikov, I.V. Si Krijanovski, V.D</subfield></datafield><datafield ind1=" " ind2=" " tag="245"><subfield code="a">Introducer in televiziune</subfield></datafield><datafield ind1=" " ind2=" " tag="260"><subfield code="a">Bucuresti, Ed.Tehnica, 1961. 419p</subfield></datafield><datafield ind1=" " ind2=" " tag="852"><subfield code="a">7545</subfield></datafield></record></collection>